<record><leader>00000cas a2200000 a 4500</leader><controlfield tag="001">12966895</controlfield><controlfield tag="008">860103d18uu18uulau x ne      0    0eng c</controlfield><datafield ind1=" " ind2=" " tag="010"><subfield code="a">sn 85034519 </subfield></datafield><datafield ind1=" " ind2=" " tag="040"><subfield code="a">NPU</subfield><subfield code="b">eng</subfield><subfield code="c">NPU</subfield><subfield code="d">DLC</subfield><subfield code="d">LNP</subfield><subfield code="d">DLC</subfield><subfield code="d">OCL</subfield><subfield code="d">CNK</subfield><subfield code="d">DLC</subfield><subfield code="d">OCLCQ</subfield><subfield code="d">OCLCF</subfield><subfield code="d">OCLCO</subfield></datafield><datafield ind1=" " ind2=" " tag="019"><subfield code="a">9961357</subfield><subfield code="a">14373692</subfield></datafield><datafield ind1="1" ind2=" " tag="029"><subfield code="a">AU@</subfield><subfield code="b">000025783965</subfield></datafield><datafield ind1="0" ind2=" " tag="041"><subfield code="a">engfre</subfield></datafield><datafield ind1=" " ind2=" " tag="042"><subfield code="a">pcc</subfield></datafield><datafield ind1=" " ind2=" " tag="043"><subfield code="a">n-us-la</subfield></datafield><datafield ind1="0" ind2="0" tag="050"><subfield code="a">Newspaper 7983</subfield></datafield><datafield ind1="0" ind2=" " tag="130"><subfield code="a">Mercantile advertiser (New Orleans, La.)</subfield></datafield><datafield ind1="1" ind2="0" tag="245"><subfield code="a">Mercantile advertiser.</subfield></datafield><datafield ind1="3" ind2="0" tag="246"><subfield code="a">Mercantile daily advertiser</subfield></datafield><datafield ind1=" " ind2=" " tag="260"><subfield code="a">New Orleans [La.] :</subfield><subfield code="b">Mead &amp; Stroud</subfield></datafield><datafield ind1=" " ind2=" " tag="300"><subfield code="a">v.</subfield></datafield><datafield ind1=" " ind2=" " tag="500"><subfield code="a">Usually published without a masthead; title from publisher's statement.</subfield></datafield><datafield ind1=" " ind2=" " tag="500"><subfield code="a">Title varies; also published as: Mercantile daily advertiser.</subfield></datafield><datafield ind1=" " ind2=" " tag="500"><subfield code="a">Frequency of publication varies; published as a Daily (except Sunday)--or as a Triweekly.</subfield></datafield><datafield ind1=" " ind2=" " tag="530"><subfield code="a">Also issued on microfilm from the Library of Congress, Photoduplication Service.</subfield></datafield><datafield ind1=" " ind2=" " tag="546"><subfield code="a">In English and French.</subfield></datafield><datafield ind1=" " ind2=" " tag="588"><subfield code="a">Description based on: July 21, 1824.</subfield></datafield><datafield ind1=" " ind2="0" tag="651"><subfield code="a">New Orleans (La.)</subfield><subfield code="v">Newspapers.</subfield></datafield><datafield ind1=" " ind2="7" tag="655"><subfield code="a">Newspapers.</subfield><subfield code="2">fast</subfield><subfield code="0">(OCoLC)fst01423814</subfield></datafield><datafield ind1=" " ind2="7" tag="651"><subfield code="a">Louisiana</subfield><subfield code="z">New Orleans.</subfield><subfield code="2">fast</subfield><subfield code="0">(OCoLC)fst01204311</subfield></datafield><datafield ind1=" " ind2=" " tag="752"><subfield code="a">United States</subfield><subfield code="b">Louisiana</subfield><subfield code="c">Orleans</subfield><subfield code="d">New Orleans.</subfield></datafield></record>